@inproceedings{alecci2021development,
  title={Development of an IR System for Argument Search.},
  author={Alecci, Marco and Baldo, Tommaso and Martinelli, Luca and Ziroldo, Elia},
  booktitle={CLEF (Working Notes)},
  pages={2302--2318},
  year={2021}
}

@misc{UEandroid,
  author       = {Epic Games},
  howpublished = "\url{https://dev.epicgames.com/documentation/en-us/unreal-engine/how-to-set-up-android-sdk-and-ndk-for-your-unreal-engine-development-environment?application_version=5.2}",
  title        = {Getting started with Android},
}

@misc{UEvisualStudio,
  author       = {Epic Games},
  howpublished = "\url{https://dev.epicgames.com/documentation/en-us/unreal-engine/setting-up-visual-studio-development-environment-for-cplusplus-projects-in-unreal-engine?application_version=5.2}",
  title        = {Getting started with Visual Studio},
}

@misc{MetaSetup,
  author       = {Meta},
  howpublished = "\url{https://developer.oculus.com/documentation/unreal/unreal-quick-start-guide-quest/}",
  title        = {Creating Your First Meta Quest VR App in Unreal Engine},
}